@article{Welzl,
  title={Smallest enclosing disks (balls and ellipsoids)},
  author={Welzl, Emo},
  journal={New Results and New Trends in Computer Science},
  pages={359--370},
  year={1991},
  publisher={Springer}
}
@inproceedings{Fischer-Gartner,
 author = {Fischer, Kaspar and G{\"a}rtner, Bernd},
 title = {The Smallest Enclosing Ball of Balls: Combinatorial Structure and Algorithms},
 booktitle = {Proceedings of the Nineteenth Annual Symposium on Computational Geometry},
 series = {SCG '03},
 year = {2003},
 isbn = {1-58113-663-3},
 location = {San Diego, California, USA},
 pages = {292--301},
 numpages = {10},
 url = {http://doi.acm.org/10.1145/777792.777836},
 doi = {10.1145/777792.777836},
 acmid = {777836},
 publisher = {ACM},
 address = {New York, NY, USA},
 keywords = {distance to convex hull, minimal covering ball, minimum volume sphere, unique sink orientation},
} 

@phdthesis{FischerThesis,
  author={Fischer, Kaspar},
  title={Smallest enclosing balls of balls},
  year={2005},
  school={Swiss Federal Institute of Technology, {ETH} Z{\"u}rich}
}

@article{MSW,
  title={A subexponential bound for linear programming},
  author={Matou{\v{s}}ek, Ji{\v{r}}{\'\i} and Sharir, Micha and Welzl, Emo},
  journal={Algorithmica},
  volume={16},
  number={4-5},
  pages={498--516},
  year={1996},
  publisher={Springer}
}
